<record><leader>00000cas a2200000 a 4500</leader><controlfield tag="001">9085598</controlfield><controlfield tag="008">821227d18271872nyuwr ne      0   a0eng c</controlfield><datafield ind1=" " ind2=" " tag="010"><subfield code="a">sn2003060511</subfield></datafield><datafield ind1=" " ind2=" " tag="040"><subfield code="a">XDM</subfield><subfield code="b">eng</subfield><subfield code="c">XDM</subfield><subfield code="d">NYS</subfield><subfield code="d">OCL</subfield><subfield code="d">ATL</subfield><subfield code="d">NYS</subfield><subfield code="d">OCLCQ</subfield><subfield code="d">OCLCF</subfield><subfield code="d">OCLCO</subfield></datafield><datafield ind1="1" ind2=" " tag="029"><subfield code="a">AU@</subfield><subfield code="b">000025175015</subfield></datafield><datafield ind1=" " ind2=" " tag="042"><subfield code="a">pcc</subfield></datafield><datafield ind1=" " ind2=" " tag="043"><subfield code="a">n-us-ny</subfield></datafield><datafield ind1="0" ind2=" " tag="130"><subfield code="a">Gospel messenger (Auburn, N.Y. : 1827)</subfield></datafield><datafield ind1="1" ind2="4" tag="245"><subfield code="a">The Gospel messenger.</subfield></datafield><datafield ind1=" " ind2=" " tag="260"><subfield code="a">Auburn, N.Y. :</subfield><subfield code="b">[Published by John C. Rudd, editor and proprietor],</subfield><subfield code="c">1827-</subfield></datafield><datafield ind1=" " ind2=" " tag="300"><subfield code="a">v. ;</subfield><subfield code="c">36-44 cm.</subfield></datafield><datafield ind1=" " ind2=" " tag="310"><subfield code="a">Weekly</subfield></datafield><datafield ind1="0" ind2=" " tag="362"><subfield code="a">Vol. 1, no. 1 (Jan. 20, 1827)-</subfield></datafield><datafield ind1="1" ind2=" " tag="362"><subfield code="a">Ceased with Nov. 1872?</subfield><subfield code="z">Cf. Union list of serials.</subfield></datafield><datafield ind1=" " ind2=" " tag="500"><subfield code="a">Title from caption.</subfield></datafield><datafield ind1=" " ind2=" " tag="500"><subfield code="a">Issue for Nov. 14, 1835 (vol. 9, no. 41)--notes publication moving to Utica, N.Y. Issues for Nov. 21, 1835-Jan. 30, 1836&gt; published in Utica, N.Y. by Eli Maynard. John C. Rudd continued as editor.</subfield></datafield><datafield ind1=" " ind2=" " tag="580"><subfield code="a">Merged with: Church journal (New York, N.Y. : 1853), to form: Church journal and gospel messenger.</subfield></datafield><datafield ind1="2" ind2="0" tag="610"><subfield code="a">Episcopal Church</subfield><subfield code="z">New York (State)</subfield><subfield code="v">Newspapers.</subfield></datafield><datafield ind1=" " ind2="0" tag="651"><subfield code="a">Auburn (N.Y.)</subfield><subfield code="v">Newspapers.</subfield></datafield><datafield ind1=" " ind2="0" tag="651"><subfield code="a">Cayuga County (N.Y.)</subfield><subfield code="v">Newspapers.</subfield></datafield><datafield ind1=" " ind2="7" tag="655"><subfield code="a">Newspapers.</subfield><subfield code="2">fast</subfield><subfield code="0">(OCoLC)fst01423814</subfield></datafield><datafield ind1="2" ind2="7" tag="610"><subfield code="a">Episcopal Church.</subfield><subfield code="2">fast</subfield><subfield code="0">(OCoLC)fst00533119</subfield></datafield><datafield ind1=" " ind2="7" tag="651"><subfield code="a">New York (State)</subfield><subfield code="2">fast</subfield><subfield code="0">(OCoLC)fst01210280</subfield></datafield><datafield ind1=" " ind2="7" tag="651"><subfield code="a">New York (State)</subfield><subfield code="z">Auburn.</subfield><subfield code="2">fast</subfield><subfield code="0">(OCoLC)fst01210382</subfield></datafield><datafield ind1=" " ind2="7" tag="651"><subfield code="a">New York (State)</subfield><subfield code="z">Cayuga County.</subfield><subfield code="2">fast</subfield><subfield code="0">(OCoLC)fst01220524</subfield></datafield><datafield ind1=" " ind2=" " tag="752"><subfield code="a">United States</subfield><subfield code="b">New York</subfield><subfield code="c">Cayuga</subfield><subfield code="d">Auburn.</subfield></datafield><datafield ind1=" " ind2=" " tag="752"><subfield code="a">United States</subfield><subfield code="b">New York</subfield><subfield code="c">Oneida</subfield><subfield code="d">Utica.</subfield></datafield><datafield ind1="1" ind2="7" tag="785"><subfield code="t">Church journal (New York, N.Y. : 1853)</subfield><subfield code="w">(DLC)sn 77021897</subfield><subfield code="w">(OCoLC)8687402</subfield></datafield><datafield ind1="1" ind2="7" tag="785"><subfield code="t">Church journal and gospel messenger</subfield><subfield code="w">(DLC)   00221425</subfield><subfield code="w">(OCoLC)43917912</subfield></datafield></record>